<record><leader>00000cas a2200000 a 4500</leader><controlfield tag="001">34404244</controlfield><controlfield tag="008">960319d19361937dcuwr ne      0    0eng c</controlfield><datafield ind1=" " ind2=" " tag="010"><subfield code="a">sn 96095001 </subfield></datafield><datafield ind1=" " ind2=" " tag="040"><subfield code="a">NVK</subfield><subfield code="b">eng</subfield><subfield code="c">NVK</subfield><subfield code="d">FUG</subfield><subfield code="d">NVF</subfield><subfield code="d">NVK</subfield><subfield code="d">OCL</subfield><subfield code="d">NVK</subfield><subfield code="d">OCLCQ</subfield><subfield code="d">CUI</subfield><subfield code="d">OCLCQ</subfield><subfield code="d">OCLCF</subfield><subfield code="d">OCLCO</subfield></datafield><datafield ind1="1" ind2=" " tag="029"><subfield code="a">AU@</subfield><subfield code="b">000013495895</subfield></datafield><datafield ind1=" " ind2=" " tag="042"><subfield code="a">pcc</subfield></datafield><datafield ind1=" " ind2=" " tag="043"><subfield code="a">n-us-dc</subfield></datafield><datafield ind1="0" ind2=" " tag="130"><subfield code="a">Afro-American (Washington, D.C. : Washington ed.)</subfield></datafield><datafield ind1="1" ind2="4" tag="245"><subfield code="a">The Afro-American.</subfield></datafield><datafield ind1=" " ind2=" " tag="250"><subfield code="a">Washington ed.</subfield></datafield><datafield ind1=" " ind2=" " tag="260"><subfield code="a">Washington, D.C. :</subfield><subfield code="b">Afro-American, Co.,</subfield><subfield code="c">1936-1937.</subfield></datafield><datafield ind1=" " ind2=" " tag="300"><subfield code="a">v.</subfield></datafield><datafield ind1=" " ind2=" " tag="310"><subfield code="a">Weekly</subfield></datafield><datafield ind1="0" ind2=" " tag="362"><subfield code="a">45th year, no. 2 (Aug. 22, 1936)-45th year, no. 51 (July 31, 1937).</subfield></datafield><datafield ind1=" " ind2=" " tag="500"><subfield code="a">Microfilm available from Recordak.</subfield></datafield><datafield ind1="8" ind2=" " tag="521"><subfield code="a">"Black Publication."</subfield></datafield><datafield ind1=" " ind2=" " tag="580"><subfield code="a">Other ed.: Afro-American (Baltimore, Md. : Harlem ed.), &lt;1936&gt;.</subfield></datafield><datafield ind1=" " ind2="0" tag="650"><subfield code="a">African Americans</subfield><subfield code="z">Washington (D.C.)</subfield><subfield code="v">Newspapers.</subfield></datafield><datafield ind1=" " ind2="0" tag="651"><subfield code="a">Washington (D.C.)</subfield><subfield code="v">Newspapers.</subfield></datafield><datafield ind1=" " ind2="7" tag="655"><subfield code="a">Newspapers.</subfield><subfield code="2">fast</subfield><subfield code="0">(OCoLC)fst01423814</subfield></datafield><datafield ind1=" " ind2="7" tag="650"><subfield code="a">African Americans.</subfield><subfield code="2">fast</subfield><subfield code="0">(OCoLC)fst00799558</subfield></datafield><datafield ind1=" " ind2="7" tag="651"><subfield code="a">Washington (D.C.)</subfield><subfield code="2">fast</subfield><subfield code="0">(OCoLC)fst01204505</subfield></datafield><datafield ind1=" " ind2=" " tag="752"><subfield code="a">United States</subfield><subfield code="b">District of Columbia</subfield><subfield code="d">Washington.</subfield></datafield><datafield ind1="0" ind2=" " tag="775"><subfield code="t">Afro-American (Baltimore, Md. : 1915)</subfield><subfield code="w">(DLC)sn 83045829</subfield></datafield><datafield ind1="0" ind2=" " tag="775"><subfield code="t">Afro-American (Baltimore, Md. : Capital ed.)</subfield><subfield code="w">(DLC)sn 84025925</subfield></datafield><datafield ind1="0" ind2=" " tag="775"><subfield code="t">Afro-American (Philadelphia, Pa. : 1934)</subfield><subfield code="w">(DLC)sn 84025924</subfield></datafield><datafield ind1="1" ind2=" " tag="775"><subfield code="t">Afro-American (Baltimore, Md. : Harlem ed.)</subfield><subfield code="w">(DLC)sn 96095009</subfield></datafield><datafield ind1="0" ind2="8" tag="776"><subfield code="i">Online version:</subfield><subfield code="t">Afro-American (Washington, D.C. : Washington ed. : Online)</subfield><subfield code="w">(OCoLC)725497409</subfield></datafield><datafield ind1="0" ind2="6" tag="785"><subfield code="t">Washington Afro American (Washington, D.C.)</subfield><subfield code="w">(DLC)sn 87062261</subfield></datafield><datafield ind1="0" ind2="6" tag="785"><subfield code="t">Washington Afro-American (Washington, D.C. : Red Star ed.)</subfield><subfield code="w">(DLC)sn 84025928</subfield></datafield></record>